<record><leader>00000cas a22000007a 4500</leader><controlfield tag="001">18391335</controlfield><controlfield tag="008">880823d18981903ohudn ne      0    0eng d</controlfield><datafield ind1=" " ind2=" " tag="010"><subfield code="a">sn 88078785 </subfield></datafield><datafield ind1=" " ind2=" " tag="040"><subfield code="a">ONP</subfield><subfield code="b">eng</subfield><subfield code="c">ONP</subfield><subfield code="d">OCLCQ</subfield><subfield code="d">OCLCF</subfield><subfield code="d">OCLCO</subfield></datafield><datafield ind1="1" ind2=" " tag="029"><subfield code="a">AU@</subfield><subfield code="b">000020520009</subfield></datafield><datafield ind1=" " ind2=" " tag="042"><subfield code="a">msc</subfield></datafield><datafield ind1=" " ind2=" " tag="043"><subfield code="a">n-us-oh</subfield></datafield><datafield ind1="0" ind2=" " tag="130"><subfield code="a">Daily American-tribune (Newark, Ohio)</subfield></datafield><datafield ind1="1" ind2="0" tag="245"><subfield code="a">Daily American-tribune.</subfield></datafield><datafield ind1=" " ind2=" " tag="260"><subfield code="a">Newark, Ohio :</subfield><subfield code="b">Newark Pub. Co.</subfield></datafield><datafield ind1=" " ind2=" " tag="300"><subfield code="a">v.</subfield></datafield><datafield ind1=" " ind2=" " tag="310"><subfield code="a">Daily (except Sun.)</subfield></datafield><datafield ind1="1" ind2=" " tag="362"><subfield code="a">Began in 1898; ceased in 1903.</subfield></datafield><datafield ind1=" " ind2=" " tag="580"><subfield code="a">Weekly ed.: Newark weekly American-tribune.</subfield></datafield><datafield ind1=" " ind2=" " tag="580"><subfield code="a">Semiweekly ed.: Newark American-tribune (Newark, Ohio : 1900).</subfield></datafield><datafield ind1=" " ind2=" " tag="588"><subfield code="a">Description based on: Vol. 14, no. 89 (June 14, 1898).</subfield></datafield><datafield ind1=" " ind2="0" tag="651"><subfield code="a">Newark (Ohio)</subfield><subfield code="v">Newspapers.</subfield></datafield><datafield ind1=" " ind2="0" tag="651"><subfield code="a">Licking County (Ohio)</subfield><subfield code="v">Newspapers.</subfield></datafield><datafield ind1=" " ind2="7" tag="655"><subfield code="a">Newspapers.</subfield><subfield code="2">fast</subfield><subfield code="0">(OCoLC)fst01423814</subfield></datafield><datafield ind1=" " ind2="7" tag="651"><subfield code="a">Ohio</subfield><subfield code="z">Licking County.</subfield><subfield code="2">fast</subfield><subfield code="0">(OCoLC)fst01207827</subfield></datafield><datafield ind1=" " ind2="7" tag="651"><subfield code="a">Ohio</subfield><subfield code="z">Newark.</subfield><subfield code="2">fast</subfield><subfield code="0">(OCoLC)fst01207972</subfield></datafield><datafield ind1=" " ind2=" " tag="752"><subfield code="a">United States</subfield><subfield code="b">Ohio</subfield><subfield code="c">Licking</subfield><subfield code="d">Newark.</subfield></datafield><datafield ind1="1" ind2=" " tag="775"><subfield code="t">Newark weekly American-tribune</subfield><subfield code="w">(DLC)sn 88078790</subfield></datafield><datafield ind1="1" ind2=" " tag="775"><subfield code="t">Newark American-tribune (Newark, Ohio : 1900)</subfield><subfield code="w">(DLC)sn 88078788</subfield></datafield><datafield ind1="0" ind2="4" tag="780"><subfield code="t">Newark daily American</subfield><subfield code="w">(DLC)sn 84028852</subfield></datafield><datafield ind1="0" ind2="4" tag="780"><subfield code="t">Daily tribune (Newark, Ohio)</subfield><subfield code="w">(DLC)sn 88078810</subfield></datafield><datafield ind1="0" ind2="0" tag="785"><subfield code="t">American tribune (Newark, Ohio : 1903 : Daily)</subfield><subfield code="w">(DLC)sn 84028853</subfield></datafield></record>